
@book{rockafellar_convex_2015,
	location = {Princeton},
	title = {Convex Analysis},
	isbn = {978-1-4008-7317-3},
	url = {https://www.degruyter.com/view/title/516543},
	publisher = {Princeton University Press},
	author = {Rockafellar, Ralph Tyrell},
	date = {2015}
}